<record><leader>00000cas a2200000 a 4500</leader><controlfield tag="001">47233604</controlfield><controlfield tag="008">010703u1969uuuucaumr ne      0    0eng d</controlfield><datafield ind1=" " ind2=" " tag="010"><subfield code="a">sn2001062060</subfield></datafield><datafield ind1=" " ind2=" " tag="040"><subfield code="a">NYS</subfield><subfield code="b">eng</subfield><subfield code="c">NYS</subfield><subfield code="d">VCB</subfield><subfield code="d">OCLCQ</subfield><subfield code="d">TEU</subfield><subfield code="d">OCLCF</subfield><subfield code="d">OCLCO</subfield><subfield code="d">CUS</subfield><subfield code="d">OCLCO</subfield><subfield code="d">OCL</subfield><subfield code="d">MAC</subfield></datafield><datafield ind1=" " ind2=" " tag="019"><subfield code="a">1768828</subfield><subfield code="a">32206091</subfield></datafield><datafield ind1=" " ind2=" " tag="043"><subfield code="a">n-us-ca</subfield></datafield><datafield ind1=" " ind2="4" tag="050"><subfield code="a">DS559.62.U6</subfield><subfield code="b">U63 1969x</subfield></datafield><datafield ind1="0" ind2=" " tag="130"><subfield code="a">Up front (Los Angeles, Calif.)</subfield></datafield><datafield ind1="1" ind2="0" tag="245"><subfield code="a">Up front.</subfield></datafield><datafield ind1=" " ind2=" " tag="260"><subfield code="a">Los Angeles, Calif. :</subfield><subfield code="b">s.n.,</subfield><subfield code="c">1969-</subfield></datafield><datafield ind1=" " ind2=" " tag="300"><subfield code="a">v. :</subfield><subfield code="b">ill. ;</subfield><subfield code="c">33 cm.</subfield></datafield><datafield ind1=" " ind2=" " tag="310"><subfield code="a">Monthly</subfield></datafield><datafield ind1="0" ind2=" " tag="362"><subfield code="a">Vol. 1, no. 1 (May 1969)-</subfield></datafield><datafield ind1=" " ind2=" " tag="500"><subfield code="a">Editor: Floyd A. Hof.</subfield></datafield><datafield ind1=" " ind2=" " tag="500"><subfield code="a">Latest issue consulted: Vol. 1, no. 7 (Dec. 1969).</subfield></datafield><datafield ind1=" " ind2=" " tag="515"><subfield code="a">Issue for May 1969 incorrectly called May 1968.</subfield></datafield><datafield ind1=" " ind2=" " tag="515"><subfield code="a">Oct. 1969 skipped.</subfield></datafield><datafield ind1=" " ind2=" " tag="530"><subfield code="a">Also issued on microfilm from the State Historical Society of Wisconsin.</subfield></datafield><datafield ind1="2" ind2="7" tag="611"><subfield code="a">Vietnam War (1961-1975)</subfield><subfield code="2">fast</subfield><subfield code="0">(OCoLC)fst01431664</subfield></datafield><datafield ind1=" " ind2="0" tag="650"><subfield code="a">Vietnam War, 1961-1975</subfield><subfield code="x">Protest movements</subfield><subfield code="v">Newspapers.</subfield></datafield><datafield ind1=" " ind2="0" tag="651"><subfield code="a">Los Angeles (Calif.)</subfield><subfield code="v">Newspapers.</subfield></datafield><datafield ind1=" " ind2="0" tag="651"><subfield code="a">Los Angeles County (Calif.)</subfield><subfield code="v">Newspapers.</subfield></datafield><datafield ind1=" " ind2="7" tag="650"><subfield code="a">Protest movements.</subfield><subfield code="2">fast</subfield><subfield code="0">(OCoLC)fst01079826</subfield></datafield><datafield ind1=" " ind2="7" tag="651"><subfield code="a">California</subfield><subfield code="z">Los Angeles.</subfield><subfield code="2">fast</subfield><subfield code="0">(OCoLC)fst01204540</subfield></datafield><datafield ind1=" " ind2="7" tag="651"><subfield code="a">California</subfield><subfield code="z">Los Angeles County.</subfield><subfield code="2">fast</subfield><subfield code="0">(OCoLC)fst01205194</subfield></datafield><datafield ind1=" " ind2="7" tag="648"><subfield code="a">1961-1975</subfield><subfield code="2">fast</subfield></datafield><datafield ind1=" " ind2="7" tag="655"><subfield code="a">Underground newspapers</subfield><subfield code="z">California</subfield><subfield code="z">Los Angeles.</subfield><subfield code="2">ngl</subfield></datafield><datafield ind1=" " ind2="7" tag="655"><subfield code="a">Newspapers.</subfield><subfield code="2">fast</subfield><subfield code="0">(OCoLC)fst01423814</subfield></datafield><datafield ind1="1" ind2=" " tag="700"><subfield code="a">Hof, Floyd A.,</subfield><subfield code="e">editor.</subfield></datafield><datafield ind1=" " ind2=" " tag="752"><subfield code="a">United States</subfield><subfield code="b">California</subfield><subfield code="c">Los Angeles</subfield><subfield code="d">Los Angeles.</subfield></datafield><datafield ind1="0" ind2="8" tag="776"><subfield code="i">Online version</subfield><subfield code="t">Up front</subfield><subfield code="w">(OCoLC)953118729</subfield></datafield><datafield ind1="0" ind2=" " tag="776"><subfield code="c">Microfilm</subfield><subfield code="w">(OCoLC)10038737</subfield></datafield><datafield ind1="4" ind2="1" tag="856"><subfield code="u">http://voices.revealdigital.com/cgi-bin/independentvoices?a=cl&amp;cl=CL1&amp;sp=EHCDDGAE&amp;ai=1</subfield></datafield></record>